<collection xmlns="http://www.loc.gov/MARC21/slim">
<record>
  <leader>01309nam0a22002531i 450 </leader>
  <controlfield tag="001">IT\ICCU\CNCE\072409</controlfield>
  <controlfield tag="005">20080519000000.0</controlfield>
  <datafield tag="012" ind1=" " ind2=" ">
    <subfield code="a">o.fo i.o, o.uo IaDo (C) 1555 (A)</subfield>
    <subfield code="2">fei</subfield>
  </datafield>
  <datafield tag="100" ind1=" " ind2=" ">
    <subfield code="a">20080201d1555        0itac0103    ba</subfield>
  </datafield>
  <datafield tag="101" ind1=" " ind2=" ">
    <subfield code="a">ITA</subfield>
  </datafield>
  <datafield tag="102" ind1=" " ind2=" ">
    <subfield code="a">IT</subfield>
  </datafield>
  <datafield tag="200" ind1="1" ind2=" ">
    <subfield code="a">℗Li ℗meravigliosi et ingeniosi sonetti di m. Ganimede Panfilo da San Seuerino, li quali fatti a grandissimi prencipi et a diuerse genti, e sopra uarij suggetti, hanno tutti in ogni uerso parole in bisticci. Per ̣saranno intitolati I bisticci</subfield>
  </datafield>
  <datafield tag="210" ind1=" " ind2=" ">
    <subfield code="a">In Camerino</subfield>
    <subfield code="c">\Antonio Gioioso!</subfield>
    <subfield code="h">20 febbraio 1555</subfield>
  </datafield>
  <datafield tag="215" ind1=" " ind2=" ">
    <subfield code="a">\16! c.</subfield>
    <subfield code="d">4ʻ</subfield>
  </datafield>
  <datafield tag="300" ind1=" " ind2=" ">
    <subfield code="a">Annullata. E&apos; il CNCE 69614</subfield>
  </datafield>
  <datafield tag="620" ind1=" " ind2=" ">
    <subfield code="a">IT</subfield>
    <subfield code="d">Camerino</subfield>
  </datafield>
  <datafield tag="700" ind1=" " ind2="1">
    <subfield code="a">Panfilo,</subfield>
    <subfield code="b">Ganimede</subfield>
    <subfield code="3">IT\ICCU\CNCA\007173</subfield>
  </datafield>
  <datafield tag="712" ind1="0" ind2="0">
    <subfield code="a">Gioioso, Antonio</subfield>
    <subfield code="3">IT\ICCU\CNCT\000826</subfield>
    <subfield code="4">650</subfield>
  </datafield>
  <datafield tag="790" ind1=" " ind2="1">
    <subfield code="a">Panfilio,</subfield>
    <subfield code="b">Ganimede</subfield>
    <subfield code="3">IT\ICCU\CNCA\022133</subfield>
    <subfield code="z">Panfilo, Ganimede</subfield>
  </datafield>
  <datafield tag="791" ind1="0" ind2="0">
    <subfield code="a">Gioiosus, Antonius</subfield>
    <subfield code="3">IT\ICCU\CNCT\004881</subfield>
    <subfield code="z">Gioioso, Antonio</subfield>
  </datafield>
  <datafield tag="801" ind1=" " ind2="3">
    <subfield code="a">IT</subfield>
    <subfield code="b">ICCU</subfield>
    <subfield code="c">20201115</subfield>
  </datafield>
  <datafield tag="899" ind1=" " ind2=" ">
    <subfield code="a">Biblioteca dell&apos;Accademia nazionale dei Lincei e Corsiniana. Roma</subfield>
    <subfield code="1">RM0418</subfield>
    <subfield code="2">RML 10</subfield>
  </datafield>
  <datafield tag="911" ind1=" " ind2=" ">
    <subfield code="a">Sul front.</subfield>
    <subfield code="9">IT\ICCU\CNCM\001566</subfield>
  </datafield>
  <datafield tag="921" ind1=" " ind2=" ">
    <subfield code="a">IT\ICCU\CNCM\001566</subfield>
    <subfield code="b">Stella cometa su fiamma che arde da un tronco tra un ramo di palma e uno di olivo. In cornice figurata</subfield>
    <subfield code="c">U462</subfield>
    <subfield code="d">Dimensioni: 4,8 x 6,1</subfield>
    <subfield code="f">STELLA</subfield>
    <subfield code="f">FIAMMA</subfield>
    <subfield code="f">COMETA</subfield>
    <subfield code="g">1555-1599</subfield>
  </datafield>
</record>
</collection>
